
@webpage{onlineprivacybroken,
key={onlineprivacybroken},
title = "{Your Rights Online: Why Online Privacy Is Broken}",
url = {http://yro.slashdot.org/story/10/05/24/195208/Why-Online-Privacy-Is-Broken},
month = "Mayo",
year = "2010"
}

@webpage{thehushmailreport,
key={thehushmailreport},
title = "{The Hushmail report}",
url = {http://www.privatliv.com/hushmail_report.pdf},
month = "Diciembre",
year = "2007"
}

@webpage{gmail-losangeles,
key={gmail-losangeles},
title = "{Los Angeles adopts Google e-mail system for 30,000 city employees}",
url = {http://latimesblogs.latimes.com/technology/2009/10/city-council-votes-to-adopt-google-email-system-for-30000-city-employees.html},
month = "Octubre",
year = "2009"
}

@webpage{critica_xmlsec,
key={critica_xmlsec},
title = "{Why XML Security is Broken}",
url = {http://www.cs.auckland.ac.nz/~pgut001/pubs/xmlsec.txt},
month = "Octubre",
year = "2004"
}

@webpage{web-encryption-framework,
key={web-encryption-framework},
title = "{Web Encryption Framework}",
url = {http://edulix.wordpress.com/2009/01/22/web-encryption-framework/},
month = "Enero",
year = "2009"
}
