% This file was created with JabRef 2.3.1.
% Encoding: UTF-8

@webpage{onlineprivacybroken,
key={onlineprivacybroken},
title = "{Your Rights Online: Why Online Privacy Is Broken}",
url = {http://yro.slashdot.org/story/10/05/24/195208/Why-Online-Privacy-Is-Broken},
month = "Mayo",
year = "2010"
}

@ARTICLE{guiatitlesec,
  author = {Javier Bezos},
  title = {The titlesec and titletoc Packages},
  journal = {Guía propia titlesec},
  year = {2007},
  owner = {fernando},
  timestamp = {2008.08.08}
}

@BOOK{desousa,
  title = {Ortografía y ortotipografía del español actual},
  year = {2004.},
  editor = {Trea},
  author = {José Martínez de Sousa},
  owner = {fcaro},
  timestamp = {2008.08.13}
}

@comment{jabref-meta: selector_publisher:}

@comment{jabref-meta: selector_author:}

@comment{jabref-meta: selector_journal:}

@comment{jabref-meta: selector_keywords:}

